<record><leader>00000cas a22000007a 4500</leader><controlfield tag="001">13027145</controlfield><controlfield tag="008">860116d183518uunyuwr ne      0    0eng d</controlfield><datafield ind1=" " ind2=" " tag="010"><subfield code="a">sn 86053023 </subfield></datafield><datafield ind1=" " ind2=" " tag="040"><subfield code="a">NPX</subfield><subfield code="b">eng</subfield><subfield code="c">NPX</subfield><subfield code="d">OCLCQ</subfield></datafield><datafield ind1=" " ind2=" " tag="042"><subfield code="a">msc</subfield></datafield><datafield ind1="0" ind2="4" tag="245"><subfield code="a">The Albany Mercury. For the country.</subfield></datafield><datafield ind1=" " ind2=" " tag="260"><subfield code="a">Albany [N.Y.] :</subfield><subfield code="b">Geo. Galpin &amp; Co.</subfield></datafield><datafield ind1=" " ind2=" " tag="300"><subfield code="a">v.</subfield></datafield><datafield ind1=" " ind2=" " tag="310"><subfield code="a">Weekly</subfield></datafield><datafield ind1="1" ind2=" " tag="362"><subfield code="a">Began in Jan. 1835?</subfield><subfield code="z">Cf. Gregory, W. Amer. newspapers.</subfield></datafield><datafield ind1=" " ind2=" " tag="500"><subfield code="a">Published as: Albany Mercury, for the country, &lt;Sept. 26, 1835&gt;.</subfield></datafield><datafield ind1=" " ind2=" " tag="580"><subfield code="a">Semiweekly ed.: Albany Mercury, and independent examiner.</subfield></datafield><datafield ind1=" " ind2=" " tag="588"><subfield code="a">Description based on: Vol. 1, no. 33 (Aug. 15, 1835).</subfield></datafield><datafield ind1=" " ind2=" " tag="752"><subfield code="a">United States</subfield><subfield code="b">New York</subfield><subfield code="c">Albany</subfield><subfield code="d">Albany.</subfield></datafield><datafield ind1="1" ind2=" " tag="775"><subfield code="t">Albany Mercury, and independent examiner</subfield><subfield code="w">(DLC)sn 84031720</subfield></datafield></record>